@misc{GFA,
  author    = {GFAv1},
  title     = {Graphical Fragment Assembly (GFA) Format Specification},
  howpublished = {GitHub Repository},
  note      = {{\href{https://github.com/GFA-spec/GFA-spec}{https://github.com/GFA-spec/GFA-spec}}},
  year      = 2015
}
